@book(griebel98,
  author = "Michael Griebel and Thomas Dornseifer and Tilman Neunhoeffer",
  title = "Numerical Simulation in Fluid Dynamics",
  year = "1998",
  publisher = "{SIAM}"
)
